@Article{pedrosong:_blind_cooper,
  author =	 {M. Pedroso},
  title =	 {Blind Cooperation: The Evolution of Redundancy via
                  Ignorance},
  journal =	 {The British Journal for the Philosophy of Science},
  pubstate =	 {forthcoming},
  year = { }
}

@Article{pedrosong:_formin_lineag_stick_toget,
  author =	 {M. Pedroso},
  title =	 {Forming Lineages by Sticking Together},
  journal =	 {Philosophy, Theory, and Practice in Biology},
  pubstate =	 {forthcoming}
}

@Article{pedrosong:_book_review,
  author =	 {M. Pedroso},
  title =	 {Book Review. {P}rinciples of Evolution: Systems,
                  Species, and the History of Life by {J}onathan
                  {B}ard},
  journal =	 {The Quarterly Review of Biology},
  year =	 {2018},
  doi = 	 {10.1086/698064},
  url = {pdfs/review_bard-principles-of-evolution.pdf}
}

@Article{pedrosoed:_impac,
  author =	 {M. Pedroso},
  title =	 {The Impact of Population Bottlenecks on the Social
                  Lives of Microbes},
  journal =	 {Biological Theory},
  year =	 2018,
  volume =	 13,
  pages =	 {190--198},
  doi =		 {10.1007/s13752-018-0298-6},
  url =		 {pdfs/pedroso_bottlenecks.pdf}
}

@article{pedroso2016inheritance,
  title =	 {Inheritance by recruitment: A reply to {C}larke's
                  `{L}evels of selection in biofilms'},
  author =	 {Pedroso, M.},
  journal =	 {Biology \& Philosophy},
  pages =	 {127--131},
  year =	 {2017},
  volume =	 {32},
  publisher =	 {Springer Netherlands},
  url =		 {pdfs/reply-to-clarke.pdf}
}

@Article{ereshefskyth:_rethin_evolut_indiv,
  author =	 {M. Ereshefsky and M. Pedroso},
  title =	 {Rethinking Evolutionary Individuality},
  journal =	 {Proceedings of the National Academy of Sciences},
  year =	 2015,
  pages =	 {10126--10132},
  volume =	 112,
  doi =		 {10.1073/pnas.1421377112}
}


@Article{pedroso2015philosophy,
  title =	 {Starting small: Using little microbes to tackle big
                  philosophical problems (Essay Review)},
  author =	 {Pedroso, M.},
  year =	 2015,
  volume =	 {126--128},
  journal =	 "Studies in History and Philosophy of Science Part C:
                  Studies in History and Philosophy of Biological and
                  Biomedical Sciences",
  volume =	 53,
  doi =		 {10.1016/j.shpsc.2015.05.001},
  url = {pdfs/review-of-phil-of-microbiology.pdf}
}


@InProceedings{ereshefskyth:_what_biofil_can_teach_us_about_indiv,
  author =	 {M. Ereshefsky and M. Pedroso},
  title =	 {What biofilms can teach us about individuality},
  booktitle =
                  {\href{https://global.oup.com/academic/product/individuals-across-the-sciences-9780199382514?cc=us&lang=en&\#}{Individuals
                  Across Sciences}},
  year =	 2015,
  editor =	 {T. Pradeu and A. Guay},
  publisher =	 {Oxford University Press}
}

@Article{pedroso15:_book_review,
  author =	 {M. Pedroso},
  title =	 {Book Review. {F}rom Groups to Individuals by {F}.
                  {B}ouchard and {P}. {H}uneman},
  journal =	 {Acta Biotheoretica},
  year =	 2015,
  volume =	 1,
  pages =	 {83--86}
}

@article{pedroso2013origin,
  title =	 {Origin essentialism in biology},
  author =	 {Pedroso, M.},
  journal =	 {The Philosophical Quarterly},
  volume =	 64,
  number =	 254,
  pages =	 {60--81},
  year =	 2014,
  publisher =	 {Oxford University Press},
  doi =		 {10.1093/pq/pqt011}
}

@Article{ereshefskyss:_biolog,
  author =	 {M. Ereshefsky and M. Pedroso},
  title =	 {Biological individuality: the case of biofilms},
  journal =	 {Biology \& Philosophy},
  year =	 2013,
  volume =	 28,
  pages =	 {331--349},
  url = {pdfs/biological-individuals.pdf}
}

@Article{pedroso13:_book_review,
  author =	 {M. Pedroso},
  title =	 {Book Review. {T}he {S}pecies {P}roblem by {R}ichard
                  {R}ichards},
  journal =	 {Mind},
  year =	 2013,
  volume =	 122,
  pages =	 {1180--1182},
  doi =		 {10.1093/mind/fzu019},
  url = {pdfs/pedroso_review-species-problem.pdf}
}

@article{pedroso12:_essen_histor_biolog_taxa,
  author =	 {M. Pedroso},
  title =	 {Essentialism, History, and Biological Taxa},
  journal =	 {Studies in History and Philosophy of Science Part C:
                  Studies in History and Philosophy of Biological and
                  Biomedical Sciences},
  year =	 2012,
  volume =	 43,
  pages =	 {182--190},
  doi =		 {10.1016/j.shpsc.2011.10.019},
  url =		 {pdfs/ancestor-paper.pdf}
}


@Article{pedroso08,
  author       = {Pedroso, M.},
  title	       = {On three arguments against categorical
                  structuralism},
  year	       = 2008,
  volume       = 170,
  number       = 1,
  pages	       = {21â€“31},
  issn	       = {1573-0964},
  doi	       = {10.1007/s11229-008-9346-2},
  journal      = {Synthese},
  publisher    = {Springer Nature}
}



