@InBook{binmore-ch1,
  crossref =	 {binmore2005natural},
  title =	 {Moral Science}
}


@book{binmore2005natural,
  title =	 {Natural Justice},
  author =	 {Binmore, K.},
  year =	 2005,
  publisher =	 {Oxford University Press}
}

@article{booth1998bad,
  title =	 {The Bad Samaritan.},
  author =	 {Booth, C.},
  journal =	 {Time},
  volume =	 152,
  number =	 10,
  pages =	 {59--60},
  year =	 1998,
  publisher =	 {Time Inc.},
  url = {http://content.time.com/time/magazine/article/0,9171,139892,00.html}
}

@article{bowles2014one,
  title =	 {One nation under guard},
  author =	 {Bowles, S. and Jayadev, A.},
  journal =	 {New York Times},
  year =	 2014,
  month =	 February,
  url = {https://opinionator.blogs.nytimes.com/2014/02/15/one-nation-under-guard/}
}


@article{buckley2007man,
  title =	 {Man is rescued by stranger on subway tracks},
  author =	 {Buckley, C.},
  journal =	 {The New York Times},
  volume =	 3,
  number =	 1,
  year =	 2007,
  url =
                  {https://www.nytimes.com/2007/01/03/nyregion/03life.html}
}

@Article{carroll10:_moral_equiv,
  author = 	 {S. Carroll},
  title = 	 {The Moral Equivalent of the Parallel Postulate},
  journal = 	 {Blog: Cosmic Variance},
  year = 	 2010,
  url = {http://blogs.discovermagazine.com/cosmicvariance/2010/03/24/the-moral-equivalent-of-the-parallel-postulate/\#.W3NQrHVKgUE}
}

@book{collins2006language,
  title =	 {The Language of God: A scientist presents evidence
                  for belief},
  author =	 {Collins, F.},
  year =	 {2006},
  publisher =	 {Simon and Schuster},
}


@inbook{collinsexcerpt,
  crossref =	 {collins2006language},
  title =	 {From Atheism to Belief},
  url =		 {https://tu-my.sharepoint.com/:b:/g/personal/mpedroso_towson_edu/EQxCk5sByEhFkYTiE7ongcAB9HmNFWOkjkJfvdahh_xYFw?e=G92nhm}
}



@Book{cowen18:_stubb_attac,
  author =	 {T. Cowen},
  title =	 {Stubborn Attachments},
  publisher =	 {Stripe Press},
  year =	 2018
}



@InBook{cowen-wealthplus,
  title =	 {Wealth makes the world go round},
  crossref =	 {cowen18:_stubb_attac}
}

@book{dawkins1996blind,
  title =	 {The Blind Watchmaker},
  author =	 {Dawkins, R.},
  year =	 1996,
  publisher =	 {WW Norton \& Company}
}


@article{dawkins1997obscurantism,
  title =	 {Obscurantism to the Rescue},
  author =	 {Dawkins, R.},
  journal =	 {The Quarterly Review of Biology},
  volume =	 {72},
  number =	 {4},
  pages =	 {397--399},
  year =	 {1997},
  publisher =	 {University of Chicago Press},
  url = {https://tu-my.sharepoint.com/:b:/g/personal/mpedroso_towson_edu/EVlHpJ-MawhCrzHqF4XNs1UBf7mE1kHBiR-MwqJa_l_CCg?e=Ka9P7E}
}

@book{dawkins76:_selfis_gene,
  author =	 {R. Dawkins},
  title =	 {The Selfish Gene},
  publisher =	 {Oxford University Press},
  year =	 1976,
  address =	 {Oxford},
}

@inbook{dawkins_memes,
  crossref =	 {dawkins76:_selfis_gene},
  title =	 {Memes: The new replicators},
  url = {https://tu-my.sharepoint.com/:b:/g/personal/mpedroso_towson_edu/EcSBBTx4Z5FAt_p7mF-OmcYBut9k0e5ydV-kDsBriRMbzQ?e=GRC1yZ}
}

@inbook{dawkinskinconflict,
  crossref =	 {dawkins76:_selfis_gene},
  title =	 {Battle of the Generations},
  url = {https://tu-my.sharepoint.com/:b:/g/personal/mpedroso_towson_edu/ESjR1W6A3plJpPbFmMHD1LQB96hhvsyBzsdA2SBLcy4j6A?e=jlHRIf}
}

@book{dawkins82,
  author =	 {R. Dawkins},
  title =	 {The Extended Phenotype},
  publisher =	 {Oxford University Press},
  year =	 1982,
  address =	 {Oxford},
}

@book{dawkins96:_climb,
  author =	 {R. Dawkins},
  title =	 {Climbing the Mount Improbable},
  publisher =	 {W. W. Norton \& Company},
  year =	 1996,
}

@inbook{dawkinsimprobable,
  crossref =	 {dawkins1996blind},
  title = {Explaining the very improbable},
  url = {https://tu-my.sharepoint.com/:b:/g/personal/mpedroso_towson_edu/ESGyTXGrOt9Mgxej1tCfZTwBDZCmo6L-ShcSDBausUnjCg?e=rRD2SI}
}

@book{dewaal2009primates,
  title =	 {Primates and philosophers: How morality evolved},
  author =	 {De Waal, F.},
  year =	 2009,
  publisher =	 {Princeton University Press}
}

@inbook{dewaalmorallyevolved,
  crossref =	 {dewaal2009primates},
  title =	 {Morally Evolved},
  url = {https://tu-my.sharepoint.com/:b:/g/personal/mpedroso_towson_edu/ESc8lFoRMQ9NofSbXlRhe-cBP76YBxUUus8C_gfWU5G9wA?e=OJdMxh}
}

@article{diamond1995easter,
  title =	 {Easter's End},
  author =	 {Diamond, J.},
  year =	 1995,
  journal =	 {Discover},
  url =		 {http://discovermagazine.com/1995/aug/eastersend543}
}

@book{diamond91,
  title =	 {The Third Chimpanzee},
  author =	 {Diamond, J.},
  year =	 1993,
  publisher =	 {Harper Perennial},
}

@article{draper2010pierced,
  title =	 {The pierced heart of Madagascar},
  author =	 {Draper, R.},
  journal =	 {National Geographic},
  volume =	 218,
  pages =	 {80--109},
  year =	 2010,
  url = {https://tu-my.sharepoint.com/:b:/g/personal/mpedroso_towson_edu/EauNK9f8pS1PjApc1tq5dFUBA2sLtZa8FY-SVx92bzAPuQ?e=cWPguY}
}

@article{evans1935witchcraft,
  title =	 {Witchcraft},
  author =	 {Evans-Pritchard, E.},
  journal =	 {Africa},
  volume =	 {8},
  number =	 {4},
  pages =	 {417--422},
  year =	 {1935},
  publisher =	 {Cambridge University Press},
  url = {https://tu-my.sharepoint.com/:b:/g/personal/mpedroso_towson_edu/EUolH5RPttRJqWXEHh1_6DsBOA4Jkx-_G2u7eWyP9kfntw?e=ueUIDA}
}

@Article{fauziya,
  year =	 {2000},
  author =	 {K. Cuomo},
  title =	 {Interview with {\em Fauziya Kassindja}},
  journal =	 {PBS},
  url =		 {http://www.pbs.org/speaktruthtopower/fauziya.html},
}

@book{frankfurt2015inequality,
  title =	 {On Inequality},
  author =	 {Frankfurt, H.},
  year =	 {2015},
  publisher =	 {Princeton University Press}
}

@inbook{frankfurtoninequality,
  title =	 {Economic Equality as a Moral Ideal},
  crossref =	 {frankfurt2015inequality},
  url = {https://tu-my.sharepoint.com/:b:/g/personal/mpedroso_towson_edu/EYWYncitcOFAuINClKJygnYBzHzMFJ_3UXrttgPve51d0Q?e=VLx7qY}
}

@book{friedman1990free,
  title =	 {Free to Choose: A Personal Statement},
  author =	 {Friedman, M. and Friedman, R.},
  year =	 1990,
  publisher =	 {Houghton Mifflin Harcourt}
}


@inbook{friedmanequality,
  crossref =	 {friedman1990free},
  title =	 {Created Equal},
%  url = {https://tu-my.sharepoint.com/:b:/g/personal/mpedroso_towson_edu/EeaKZPnHe0JGmf4zytpsJRoB2I4mV5qlbs3dfSoaeqATkA?e=J4hYOr}
}

@inbook{friedman-freemarket,
  crossref =	 {friedman1990free},
  title =	 {The Power of the Market}
}


@article{gould1997nonoverlapping,
  title =	 {Nonoverlapping magisteria},
  author =	 {Gould, S.},
  journal =	 {Natural History},
  volume =	 {106},
  number =	 {2},
  pages =	 {16--22},
  year =	 {1997},
  url = {https://tu-my.sharepoint.com/:b:/g/personal/mpedroso_towson_edu/ET5Ww9Io4KVBmQpiK2mqGzsBZ1O9hQfP8Vj8fA-yiJfkMA?e=MFgyXw}
}

@InBook{greene-cushman,
  crossref =	 {greene2014moral},
  title =	 {Cushman et al's experiment on human aggression},
  url = {https://tu-my.sharepoint.com/:b:/g/personal/mpedroso_towson_edu/ESgIqHIRPUpCuWkG3NObRvAB8sKHbYindnNKe6DNnEEn2g?e=RDp7uT}
}

@InBook{greene-dual-process,
  crossref =	 {greene2014moral},
  title =	 {Efficiency, Flexibility, and the Dual-Process Brain},
  url = {https://tu-my.sharepoint.com/:b:/g/personal/mpedroso_towson_edu/ET-lFjQMfbZJpaNKf1qdERYB4TZY6bhYpUtYssxhVt37vg?e=avjKod}
}

@InBook{greene-toc,
  crossref =	 {greene2014moral},
  title =	 {The Tragedy of the Commons},
  url = {https://tu-my.sharepoint.com/:b:/g/personal/mpedroso_towson_edu/EZ1wX-rtDnNApjtTxlgv5_IB2DKFoZFUPpO3kB_Gb5PL2g?e=fU5V8e}
}

@book{greene2014moral,
  title =	 {Moral Tribes: Emotion, reason, and the gap between
                  us and them},
  author =	 {Greene, J.},
  year =	 2014,
  publisher =	 {Penguin}
}

@article{hardin1974commentary,
  title =	 {Living on a Lifeboat},
  author =	 {Hardin, G.},
  journal =	 {BioScience},
  volume =	 24,
  pages =	 {561--568},
  year =	 1974,
  publisher =	 {American Institute of Biological Sciences
                  Circulation, AIBS, 1313 Dolley Madison Blvd., Suite
                  402, McLean, VA 22101. USA},
  url = {https://tu-my.sharepoint.com/:b:/g/personal/mpedroso_towson_edu/ES-qft0PpsZHkh63jEA5WD0BKZRIAFhbz5UzJDbo4twQYQ?e=UA3v38}
}

@Article{harris10:_scien,
  author =	 {S. Harris},
  title =	 {Science can answer moral questions},
  journal =	 {Video: TED Talks},
  year =	 2010,
  url = {https://www.ted.com/talks/sam_harris_science_can_show_what_s_right?utm_campaign=tedspread&utm_medium=referral&utm_source=tedcomshare},
    addendum = {\newline \emph{\textbf{Note:} If you prefer not to watch
                  the video, the link for the transcript is right
                  below the video}.}
}


@book{haidt2012righteous,
  title =	 {The Righteous Mind: Why good people are divided by
                  politics and religion},
  author =	 {Haidt, J.},
  year =	 {2012},
  publisher =	 {Vintage}
}

@inbook{haidt-group,
  crossref =	 {haidt2012righteous},
  title =	 {Why are we so groupish?},
  url = {https://tu-my.sharepoint.com/:b:/g/personal/mpedroso_towson_edu/EZRHvEkOqHVGvnYViTbjs4gBfqwavOTsDlKmJLwaeKcEZg?e=mpgQ9V}
}


@Article{leeson17:_why,
  author = 	 {P. Leeson},
  title = 	 {Why the trial by ordeal was actually an effective test of guilt},
  journal = 	 {Aeon},
  year = 	 2017,
  url = {https://aeon.co/ideas/why-the-trial-by-ordeal-was-actually-an-effective-test-of-guilt}
}

@article{macfarquhar2009kindest,
  title =	 {The Kindest Cut: What sort of person gives a kidney
                  to a stranger?},
  author =	 {MacFarquhar, L.},
  journal =	 {New Yorker},
  pages =	 {38--51},
  year =	 2009,
  url = {https://www.newyorker.com/magazine/2009/07/27/the-kindest-cut},
  addendum = {\href{https://tu-my.sharepoint.com/:b:/g/personal/mpedroso_towson_edu/Edwo5gBGDSFGtmfDm9WoTt8BpxXuaKQ0yYnsqKQJtWU55w?e=O2Zvy3}{Link2}}
}


@book{mackie1990ethics,
  title =	 {Ethics: Inventing right and wrong},
  author =	 {Mackie, J.},
  year =	 {1990},
  publisher =	 {Penguin}
}

@InBook{mackierelativism,
  title =	 {The Argument from Relativity},
  crossref =	 {mackie1990ethics}
}

@book{miller2016crude,
  title =	 {A Crude Look at the Whole},
  author =	 {Miller, J.},
  year =	 {2016},
  publisher =	 {Basic Books}
}

@inbook{miller-ch1,
  crossref =	 {miller2016crude},
  title =	 {Introduction: True Places}
}

@book{mitchell2009complexity,
  title =	 {Complexity: A guided tour},
  author =	 {Mitchell, M.},
  year =	 {2009},
  publisher =	 {Oxford University Press}
}

@inbook{mitchellevolution,
  crossref =	 {mitchell2009complexity},
  title =	 {Evolution},
  url = {https://tu-my.sharepoint.com/:b:/g/personal/mpedroso_towson_edu/EQA7fim555BNo1TjVPP84DkB5rowNEYm63RxNlRgbz3m_w?e=sAEnMf}
}

@inbook{mitchell-intro-complexity,
  crossref =	 {mitchell2009complexity},
  title =	 {What Is Complexity?},
  url = {https://tu-my.sharepoint.com/:b:/g/personal/mpedroso_towson_edu/EU_5gMEccBFOqzAE6oC0abABhJL8EjMgo1r82wL02BZoug?e=9wQvQP}
}

@InBook{nozick-expmachine,
  crossref =	 {nozick1974anarchy},
  title =	 {The Experience Machine},
  url = {https://tu-my.sharepoint.com/:b:/g/personal/mpedroso_towson_edu/EdwuQSlhA8hOsLZKRzu14zwB3teae05U2YgqTVAhigd5tg?e=P1RJHs}
}

@book{nozick1974anarchy,
  title =	 {Anarchy, State, and Utopia},
  author =	 {R. Nozick},
  publisher =	 {Basic Book},
  year =	 {1974}
}

@inbook{rachels-babytheresa,
  title = {The Baby Theresa Case},
  crossref = {rachels1993elements},
  url = {https://tu-my.sharepoint.com/:b:/g/personal/mpedroso_towson_edu/EZjEziuUnd5HhHjZ1kWSjyMBf_ZVXoe8CRYd8s4Dz1aKkg?e=guu4pH}
}

@InBook{rachels-socialcontract,
  title =	 {The Social Contract Theory},
  crossref =	 {rachels1993elements},
  url = {https://tu-my.sharepoint.com/:b:/g/personal/mpedroso_towson_edu/EUAYrw-ohihDg84H77KEF-sBHYJVXwK7a6Kxz2ZNoEGzbA?e=wUnG3r}
}

@inbook{rachels-utilitarianism,
  title = {The Utilitarian Approach},
  crossref = {rachels1993elements},
  url = {https://tu-my.sharepoint.com/:b:/g/personal/mpedroso_towson_edu/EZxhbHSz0LpPlOjsLAh30bsBkZjnRjXcma5r8tuJZ7kOVA?e=MNAC6r}
}

@book{rachels1993elements,
  title =	 {The Elements of Moral Philosophy},
  author =	 {Rachels, J. and Rachels, S.},
  year =	 1993,
  publisher =	 {McGraw-Hill New York}
}

@InBook{rachelsrelativism,
  title =	 {The Challenge of Cultural Relativism},
  crossref =	 {rachels1993elements},
  url = {https://tu-my.sharepoint.com/:b:/g/personal/mpedroso_towson_edu/EYGQZXviyPpGimkEvDA3R7QBAT9cfC_ii5FNxCGWvJonnQ?e=hRgWkE}
}

@InBook{rachelsreligion,
  title =	 {Does Morality Depend on Religion?},
  crossref =	 {rachels1993elements},
  url = {https://tu-my.sharepoint.com/:b:/g/personal/mpedroso_towson_edu/EcP-SRIZSzVOjXcdZV8pUm8BRZdpycpunrMCJgcdCnIC3w?e=SLbW1U}
}

@book{ridley1997origins,
  title =	 {The Origins of Virtue},
  author =	 {Ridley, M.},
  year =	 {1997},
  publisher =	 {Penguin UK}
}

@inbook{ridleyecologyasreligion,
  crossref =	 {ridley1997origins},
  title = {Ecology as Religion},
  url = {https://tu-my.sharepoint.com/:b:/g/personal/mpedroso_towson_edu/Eay2N7Cn9UFGuscCa0GKkCcBG3lw2_KPBjssic5HYwzYCQ?e=GfSUST}
}

@inbook{ridley_reciprocity,
  crossref =	 {ridley1997origins},
  title = {The Prisoner's Dilemma},
  url = {https://tu-my.sharepoint.com/:b:/g/personal/mpedroso_towson_edu/Ebhei-5DJmxIl4jWFE1DRSwB-JZ0OQvppo7U2ydpXXdEDg?e=oVRoh0}
}

@article{sachs2001geography,
  title =	 {The geography of poverty and wealth},
  author =	 {Sachs, J. and Mellinger, A. and Gallup, J.},
  journal =	 {Scientific American},
  volume =	 284,
  pages =	 {70--75},
  year =	 2001,
  publisher =	 {JSTOR},
  url = {https://tu-my.sharepoint.com/:b:/g/personal/mpedroso_towson_edu/Ec1Dh5oefG5JtZwhnQpKKJ8BnbYgrjZXwjxUs3cahNFJdw?e=jQReP4}
}

@book{sachs2007end,
  title =	 {The End of Poverty: Economic Possibilities for Our
                  Time},
  author =	 {Sachs, J.},
  year =	 {2006},
  publisher =	 {Penguin Books}
}

@book{sachs2015age,
  title =	 {The Age of Sustainable Development},
  author =	 {Sachs, J.},
  year =	 2015,
  publisher =	 {Columbia University Press}
}

@inbook{sachspovertytrap,
  crossref =	 {sachs2007end},
  title =	 {Why countries fail to achieve economic growth},
  url = {https://tu-my.sharepoint.com/:b:/g/personal/mpedroso_towson_edu/Ebtjg_Et1o9Ot6hm7yks6FgB6B1l3NSDBg8TzIPVH_0biA?e=vvVDdf}
}

@article{seeley1989honey,
  title =	 {The honey bee colony as a superorganism},
  author =	 {Seeley, T.},
  journal =	 {American Scientist},
  volume =	 {77},
  pages =	 {546--553},
  year =	 {1989}
}

@book{shafer2009fundamentals,
  title =	 {The Fundamentals of Ethics},
  author =	 {Shafer-Landau, R.},
  year =	 {2009}
}

@inbook{shafer2009consequentialism,
  title =	 {Consequentialism},
  crossref =	 {shafer2009fundamentals}
}

@book{singer2011practical,
  title =	 {Practical Ethics},
  author =	 {Singer, P.},
  year =	 2011,
  publisher =	 {Cambridge University Press}
}

@article{singer2013good,
  title =	 {Good charity, bad charity},
  author =	 {Singer, P.},
  journal =	 {The New York Times},
  year =	 2013,
  url = {https://www.nytimes.com/2013/08/11/opinion/sunday/good-charity-bad-charity.html}
}

@inbook{singeronhardin,
  title =	 {Population and the ethics of triage},
  crossref =	 {singer2011practical},
  url = {https://tu-my.sharepoint.com/:b:/g/personal/mpedroso_towson_edu/EanCSpyjyopCujKrrCsHE1cBIuHX5QmWiDZKDXHVMTH4fw?e=k9ssXl}
}

@inbook{singerpoverty,
  title =	 {Rich and Poor},
  crossref =	 {singer2011practical},
  url = {https://tu-my.sharepoint.com/:b:/g/personal/mpedroso_towson_edu/ETBwLi1LdqBJmQUqRMx5IMYBNb2UxQSo1i0yaV1GEXGwYA?e=CR7eu7}
}

@book{smart1973utilitarianism,
  title =	 {Utilitarianism: For and against},
  author =	 {Smart, J. and Williams, B.},
  year =	 {1973},
  publisher =	 {Cambridge University Press}
}

@article{steven2008moral,
  title =	 {The moral instinct},
  author =	 {S. Pinker},
  journal =	 {New York Times},
  year =	 2008,
  url = {https://www.nytimes.com/2008/01/13/magazine/13Psychology-t.html}
}

@inbook{unequal-world,
  title =	 {An unequal world},
  crossref =	 {sachs2015age},
  url = {https://tu-my.sharepoint.com/:b:/g/personal/mpedroso_towson_edu/EcwDibY9W8xLjco9vS6CE3MBHwGcmT1EQWjftA_X5CT-nQ}
}

@inbook{williams-critique,
  crossref =	 {smart1973utilitarianism},
  author =	 {B. Williams},
  title =	 {A Critique of Utilitarianism},
  url = {https://tu-my.sharepoint.com/:b:/g/personal/mpedroso_towson_edu/EQtAxEg2sAhKu3pXVyZwI1wBwHbrA5X2Jtz5s9xQZDR_sg?e=QQBRi4}
}

@book{Dennett1995,
  title =	 {Darwin's Dangerous Idea},
  publisher =	 {Simon and Schuster},
  year =	 1995,
  author =	 {D. Dennett},
  address =	 {New York}
}

@inbook{dennett-tellme-why,
  title =	 {Tell Me Why},
  crossref =	 {Dennett1995},
  url = {https://tu-my.sharepoint.com/:b:/g/personal/mpedroso_towson_edu/EdYIUlST4A1EjYZctS6XpJ4BeBKaNgPt2myNV424m4xmWg?e=7D4R3d}
}


@book{dennett2013intuition,
  title =	 {Intuition pumps and other tools for thinking},
  author =	 {Dennett, D.},
  year =	 {2013},
  publisher =	 {WW Norton \& Company}
}

@inbook{dennettalgorithms,
  title =	 {Algorithms},
  crossref =	 {dennett2013intuition},
  url = {https://tu-my.sharepoint.com/:b:/g/personal/mpedroso_towson_edu/Ea_C0nvo5WpLsuy7Rke3zRYBI0u7WRyeTov0Xhmb1WM9Vg?e=jUao6O}
}

@book{dugatkin2000cheating,
  title =	 {Cheating Monkeys and Citizen Bees},
  author =	 {Dugatkin, L.},
  year =	 {2000},
  publisher =	 {Harvard University Press}
}

@inbook{dugatkinkinselection,
  crossref =	 {dugatkin2000cheating},
  title =	 {All in the Family},
  url = {https://tu-my.sharepoint.com/:b:/g/personal/mpedroso_towson_edu/EaEWXwredYdBonaKYVWDhdcBj4p3k352z_U8Ptn_Bf-9uA?e=mKm15p}
}

@inbook{dugatkinmutualism,
  crossref =	 {dugatkin2000cheating},
  title =	 {What's in It for Me?}
}

@article{hardin68,
  author =	 {G. Hardin},
  title =	 {The tragedy of the commons},
  journal =	 {Science},
  year =	 {1968},
  volume =	 {162},
  pages =	 {1243--1248},
  url = {https://tu-my.sharepoint.com/:b:/g/personal/mpedroso_towson_edu/EYb5CBDanIVDn0QcYzEKo4ABHGSJDBi_yMhAbeTit35v8w?e=dCbWyv}
}


@article{hardin1998extensions,
  title =	 {Extensions of `the tragedy of the commons'},
  author =	 {Hardin, G.},
  journal =	 {Science},
  volume =	 {280},
  pages =	 {682--683},
  year =	 {1998},
  publisher =	 {American Association for the Advancement of Science},
  url = {https://tu-my.sharepoint.com/:b:/g/personal/mpedroso_towson_edu/EUp61UA1qb1DvWeR8_0KeVsB0-zzkqAmDeuLVAT9V328fQ?e=JWF2KO}
}

@book{baetjer2013free,
  title =	 {Free Our Markets},
  author =	 {Baetjer, H.},
  year =	 2013,
  publisher =	 {Jane Philip Publications}
}

@inbook{baetjer-incentives,
  title =	 {Free Market Incentives Foster Service to Others},
  crossref =	 {baetjer2013free},
  url = {https://tu-my.sharepoint.com/:b:/g/personal/mpedroso_towson_edu/ETX3qU6NY9BKvKuJjzIOvBkBbnLGrCLR0uL4_0L0CRacXA?e=pG2qW5}
}

@Article{valo13:_guadel_martin,
  author =	 {M. Valo},
  title =	 {Guadeloupe and Martinique threatened as pesticide
                  contaminates food chain},
  journal =	 {The Guardian},
  year =	 2013,
  url = {https://www.theguardian.com/environment/2013/may/07/guadeloupe-economy-theatened-pesticides-pollution}
}

@article{arnold2005business,
  title =	 {Business, ethics, and global climate change},
  author =	 {Arnold, D. and Bustos, K.},
  journal =	 {Business \& Professional Ethics Journal},
  volume =	 24,
  pages =	 {103--130},
  year =	 2005,
  url = {https://tu-my.sharepoint.com/:b:/g/personal/mpedroso_towson_edu/ET3W3AukyHNJvz8qQisEEVoBOSyUD4l_45v1Wo-wmMygkQ?e=Krjo1C}
}


@book{rachels1990created,
  title =	 {Created from Animals},
  author =	 {Rachels, J.},
  year =	 1990,
  publisher =	 {Oxford University Press}
}

@inbook{rachels_evol-morality,
  crossref =	 {rachels1990created},
  title =	 {Are humans the only moral animals?},
  url = {https://tu-my.sharepoint.com/:b:/g/personal/mpedroso_towson_edu/Eay90qChWA5Kh4fN8BLjQtwBc5SvXLq1G0267RfASL5RgQ?e=ppp7m8}
}

@book{singer1975animal,
  title =	 {Animal Liberation},
  author =	 {Singer, P.},
  year =	 1975,
  publisher =	 {Harper Collins}
}

@inbook{singer_equality,
title = {All animals are equal},
crossref={singer1975animal},
url = {https://tu-my.sharepoint.com/:b:/g/personal/mpedroso_towson_edu/ETWy1IT4mxFDtw97xupVsBABMEUOfnnud6MfQF1CUdB0nA?e=dAoa22}
}

@book{henrich2015secret,
  title =	 {The Secret of Our Success},
  author =	 {Henrich, J.},
  year =	 2015,
  publisher =	 {Princeton University Press}
}

@inbook{henrich_selfdomestication,
  title =	 {Self-Domestication},
  crossref =	 {henrich2015secret},
  url = {https://tu-my.sharepoint.com/:b:/g/personal/mpedroso_towson_edu/EUn90uzfRP1FocT0L-2nCngBRZguYLWnaUjYw9Lpfiov2g?e=d19fIA}
}

@article{wilson2008evolution,
  title =	 {Evolution 'for the good of the group.'},
  author =	 {Wilson, D. and Wilson, E.},
  journal =	 {American Scientist},
  volume =	 96,
  pages =	 {380--389},
  year =	 2008,
  url = {https://tu-my.sharepoint.com/:b:/g/personal/mpedroso_towson_edu/Ec6BaTmDOXRJs8NH-7sGlZgB6ONGVweVnTE8gbYSgsyizg?e=hsHPGc}
}

@Article{birch17:_crabs,
  author = 	 {J. Birch},
  title = 	 {Crabs and lobsters deserve protection from being cooked alive},
  journal = 	 {Aeon},
  year = 	 2017,
  url = {https://aeon.co/ideas/crabs-and-lobsters-deserve-protection-from-being-cooked-alive}
}

@article{sagoff1984animal,
  title =	 {Animal liberation and environmental ethics: Bad
                  marriage, quick divorce},
  author =	 {Sagoff, M.},
  journal =	 {Osgoode Hall Law Journal},
  volume =	 {22},
  pages =	 {297--307},
  year =	 {1984},
  url = {https://tu-my.sharepoint.com/:b:/g/personal/mpedroso_towson_edu/EeDeAkmPQABLv70kHVMeK7UBxFvbfzPNPCrkSRW7dnL5AA?e=ScY9Jp}
}

@article{diamond1992must,
  title =	 {Must we shoot deer to save nature?},
  author =	 {Diamond, J.},
  journal =	 {Natural History},
  volume =	 {101},
  pages =	 {2--6},
  year =	 {1992},
  publisher =	 {American Museum of Natural History},
  url = {https://tu-my.sharepoint.com/:b:/g/personal/mpedroso_towson_edu/ETlnjkyOdbpLlrzoSoQ6jAgB2ytOvSTimS06wuyRZJ-d7g?e=K1K0vQ}
}



@InCollection{sober1986philosophical,
  author =	 {Sober, E.},
  booktitle =	 {The Preservation of Species},
  title =	 {Philosophical problems for environmentalism},
  year =	 1986,
  chapter =	 7,
  publisher =	 {Princeton University Press},
  editor =	 {B. Norton},
  url = {https://tu-my.sharepoint.com/:b:/g/personal/mpedroso_towson_edu/EatTqsRxGXNIrr_C8fPdFQUBqBn4TMQhGQxCVdcZ_ZyPqA?e=ZIMTf6}
}

@article{willott2004restoring,
  title =	 {Restoring nature, without mosquitoes?},
  author =	 {Willott, E.},
  journal =	 {Restoration Ecology},
  volume =	 {12},
  number =	 {2},
  pages =	 {147--153},
  year =	 {2004},
  publisher =	 {Wiley Online Library},
  url = {https://tu-my.sharepoint.com/:b:/g/personal/mpedroso_towson_edu/EbGig6VkuaFOqTKsB9ykC4EB0M_mcWhEOa42FcWJZkBInA?e=27qQ0}
}

@book{diamond2013world,
  title =	 {The World Until Yesterday: What can we learn from
                  traditional societies?},
  author =	 {Diamond, J.},
  year =	 {2013},
  publisher =	 {Penguin}
}

@inbook{diamond_evo-religion,
  crossref =	 {diamond2013world},
  title =	 {What Electric Eels Tell Us About the Evolution of
                  Religion},
  url = {https://tu-my.sharepoint.com/:b:/g/personal/mpedroso_towson_edu/EWJgy1UzNBZBpUSX2hCCD6oBPMtmqGuA2W8QkjcRF0yC2A?e=4WdnuY}
}

@article{mazzucato2015creative,
  title =	 {The Creative State},
  author =	 {Mazzucato, M.},
  journal =	 {RSA Journal},
  volume =	 {161},
  number =	 {5562},
  pages =	 {12--17},
  year =	 {2015}
}

@article{oreskes2015break,
  title =	 {How to break the climate deadlock},
  author =	 {Oreskes, N.},
  journal =	 {Scientific American},
  volume =	 {313},
  number =	 {6},
  pages =	 {74--79},
  year =	 {2015},
  publisher =	 {Nature Publishing Group}
}


@book{seabright2010company,
  title =	 {The Company of Strangers: A Natural History of
                  Economic Life},
  author =	 {Seabright, P.},
  year =	 {2010},
  publisher =	 {Princeton University Press}
}

@inbook{seabright_who-is-in-charge,
  crossref =	 {seabright2010company},
  title =	 {Who's in Charge?},
  url = {https://tu-my.sharepoint.com/:b:/g/personal/mpedroso_towson_edu/EbB4Du5Svz9Gg-oZvwWWS10BlXai-O1I2PNgM3F2nQWwkQ?e=hIPUtX}
}

